<?xml version="1.0" encoding="UTF-8"?><record xmlns="http://www.loc.gov/MARC21/slim" xmlns:cinclude="http://apache.org/cocoon/include/1.0" xmlns:zs="http://www.loc.gov/zing/srw/">
  <leader>00699cz  a2200157n  4500</leader>
  <controlfield tag="001">n  83829058 </controlfield>
  <controlfield tag="003">DLC</controlfield>
  <controlfield tag="005">20141209064405.0</controlfield>
  <controlfield tag="008">840228n| azannaab           |a aaa     c</controlfield>
  <datafield tag="010" ind1=" " ind2=" ">
    <subfield code="a">n  83829058 </subfield>
  </datafield>
  <datafield tag="040" ind1=" " ind2=" ">
    <subfield code="a">ICU</subfield>
    <subfield code="b">eng</subfield>
    <subfield code="e">rda</subfield>
    <subfield code="c">ICU</subfield>
    <subfield code="d">DLC</subfield>
  </datafield>
  <datafield tag="100" ind1="1" ind2=" ">
    <subfield code="a">Li︠u︡barskiĭ, G. I︠A︡.</subfield>
    <subfield code="q">(Grigoriĭ I︠A︡kovlevich)</subfield>
  </datafield>
  <datafield tag="378" ind1=" " ind2=" ">
    <subfield code="q">Grigoriĭ I︠A︡kovlevich</subfield>
  </datafield>
  <datafield tag="400" ind1="1" ind2="0">
    <subfield code="w">nna</subfield>
    <subfield code="a">Li︠u︡barskiĭ, Grigoriĭ I︠A︡kovlevich</subfield>
  </datafield>
  <datafield tag="670" ind1=" " ind2=" ">
    <subfield code="a">LCCN 59-15292: His The application of group theory in physics, 1960</subfield>
    <subfield code="b">(hdg.: Li︠u︡barskiĭ, Grigoriĭ I︠A︡kovlevich)</subfield>
  </datafield>
  <datafield tag="670" ind1=" " ind2=" ">
    <subfield code="a">LC manual cat.</subfield>
    <subfield code="b">(hdg.: Li︠u︡barskiĭ, Grigoriĭ I︠A︡kovlevich; usage: G. I︠A︡. Li︠u︡barskiĭ [in Cyrillic])</subfield>
  </datafield>
</record>